[gd_scene load_steps=12 format=2]

[ext_resource path="res://scenes/items/coin.gd" type="Script" id=1]
[ext_resource path="res://gfx/Items/bronze_2.png" type="Texture" id=2]
[ext_resource path="res://gfx/Items/bronze_1.png" type="Texture" id=3]
[ext_resource path="res://gfx/Items/bronze_5.png" type="Texture" id=4]
[ext_resource path="res://gfx/Items/bronze_4.png" type="Texture" id=5]
[ext_resource path="res://gfx/Items/bronze_6.png" type="Texture" id=6]
[ext_resource path="res://sfx/coin_SFX.wav" type="AudioStream" id=7]
[ext_resource path="res://gfx/Items/bronze_3.png" type="Texture" id=8]

[sub_resource type="SpriteFrames" id=1]
animations = [ {
"frames": [ ExtResource( 3 ), ExtResource( 2 ), ExtResource( 8 ), ExtResource( 5 ), ExtResource( 4 ), ExtResource( 6 ) ],
"loop": true,
"name": "Spinning",
"speed": 10.0
} ]

[sub_resource type="CircleShape2D" id=2]
radius = 43.0

[sub_resource type="Animation" id=3]
resource_name = "Consumed"
length = 0.5
tracks/0/type = "value"
tracks/0/path = NodePath(".:scale")
tracks/0/interp = 1
tracks/0/loop_wrap = true
tracks/0/imported = false
tracks/0/enabled = true
tracks/0/keys = {
"times": PoolRealArray( 0, 0.2, 0.5 ),
"transitions": PoolRealArray( 1, 1, 1 ),
"update": 0,
"values": [ Vector2( 1, 1 ), Vector2( 1.5, 1.5 ), Vector2( 0.01, 0.01 ) ]
}
tracks/1/type = "method"
tracks/1/path = NodePath(".")
tracks/1/interp = 1
tracks/1/loop_wrap = true
tracks/1/imported = false
tracks/1/enabled = true
tracks/1/keys = {
"times": PoolRealArray( 0.5 ),
"transitions": PoolRealArray( 1 ),
"values": [ {
"args": [  ],
"method": "queue_free"
} ]
}

[node name="Coin" type="Node2D"]
script = ExtResource( 1 )

[node name="AnimatedSprite" type="AnimatedSprite" parent="."]
frames = SubResource( 1 )
animation = "Spinning"
frame = 3
playing = true

[node name="Area2D" type="Area2D" parent="."]
collision_layer = 8

[node name="CollisionShape2D" type="CollisionShape2D" parent="Area2D"]
shape = SubResource( 2 )

[node name="AudioStreamPlayer2D" type="AudioStreamPlayer2D" parent="."]
stream = ExtResource( 7 )
volume_db = -5.0

[node name="AnimationPlayer" type="AnimationPlayer" parent="."]
anims/Consumed = SubResource( 3 )

[connection signal="body_entered" from="Area2D" to="." method="_on_Area2D_body_entered"]
